%% This BibTeX bibliography file was created using BibDesk.
%% http://bibdesk.sourceforge.net/


%% Created for billg at 2018-02-22 13:43:09 -0500 


%% Saved with string encoding Unicode (UTF-8) 



@article{carpenter2016stan,
	Author = {Carpenter, Bob and Gelman, Andrew and Hoffman, Matt and Lee, Daniel and Goodrich, Ben and Betancourt, Michael and Brubaker, Michael A and Guo, Jiqiang and Li, Peter and Riddell, Allen and others},
	Date-Added = {2018-02-22 18:40:29 +0000},
	Date-Modified = {2018-02-22 18:40:29 +0000},
	Journal = {Journal of Statistical Software},
	Number = {2},
	Pages = {1--37},
	Title = {Stan: A probabilistic programming language},
	Volume = {20},
	Year = {2016}}

@misc{stan-manual:2017,
	Author = {{Stan Development Team}},
	Date-Added = {2018-02-22 16:37:07 +0000},
	Date-Modified = {2018-02-22 18:36:06 +0000},
	Note = {\url{http://mc-stan.org/}},
	Title = {{Stan Modeling Language Users Guide and Reference Manual, Version 2.17.0}},
	Year = {2017},
	Bdsk-Url-1 = {%7Bhttp://mc-stan.org/%7D}}

@misc{eigen,
	Author = {Guennebaud, G and Jacob, B. and et al.},
	Date-Added = {2017-05-23 19:58:44 +0000},
	Date-Modified = {2018-02-22 16:48:47 +0000},
	Title = {Eigen version 3},
	Url = {http://eigen. tuxfamily.org},
	Year = {2010},
	Bdsk-Url-1 = {http://eigen.%20tuxfamily.org}}

@manual{MINPACK,
	Address = {9700 South Cass Avenue, Argonne, Illinois 60439},
	Author = {Jorge J. More, Burton S. Garbow, Kenneth E. Hillstrom},
	Date-Added = {2017-05-23 19:53:12 +0000},
	Date-Modified = {2017-05-23 19:54:43 +0000},
	Month = {August},
	Organization = {Argonne National Laboratory},
	Title = {User Guide for MINPACK-1},
	Year = {1980}}

@article{dogleg,
	Author = {M. J. D. Powell},
	Date-Added = {2017-05-23 19:44:42 +0000},
	Date-Modified = {2017-09-06 20:04:25 +0000},
	Journal = {Numerical Methods for Nonlinear Algebraic Equations},
	Pages = {87--114},
	Title = {A Hybrid Method for Nonlinear Equations},
	Volume = {7},
	Year = {1970}}

@conference{StanCon2017,
	Author = {Margossian, Charles C. and Gillespie, William R},
	Booktitle = {Stan Con},
	Date-Added = {2017-04-07 14:21:28 +0000},
	Date-Modified = {2017-04-07 14:23:44 +0000},
	Month = {January},
	Organization = {Stan Development Team},
	Title = {Differential Equations Based Models in Stan},
	Year = {2017}}

@manual{mrgsolve2017,
	Author = {Baron, Kyle T. and Hindmarsh, Allen C. and Petzold, Linda R. and Gillespie, William R. and Margossian, Charles C. and Pastoor, Devin},
	Date-Added = {2016-10-07 17:31:48 +0000},
	Date-Modified = {2017-09-06 20:01:01 +0000},
	Note = {R package version 0.8.9},
	Organization = {Metrum Research Group},
	Title = {mrgsolve: Simulate from ODE-Based Population PK/PD and Systems Pharmacology Models},
	Url = {https://cran.r-project.org/package=mrgsolve},
	Year = {2017},
	Bdsk-Url-1 = {https://cran.r-project.org/package=mrgsolve}}

@article{matrixExp,
	Author = {Moler, Cleve and Van Loan, Charles},
	Date-Added = {2016-10-07 17:09:32 +0000},
	Date-Modified = {2016-10-07 17:10:50 +0000},
	Journal = {SIAM Review},
	Month = {March},
	Title = {Nineteen Dubious Ways to Compute the Exponential of a Matrix, Twenty-Five Years Later},
	Year = {2003}}

@article{nuts,
	Author = {Hoffman, Matthew D. and Gelman, Andrew},
	Date-Added = {2016-10-07 17:06:45 +0000},
	Date-Modified = {2016-10-07 17:08:51 +0000},
	Journal = {Journal of Machine Learning Research},
	Month = {April},
	Pages = {1593-1623},
	Title = {The No-U-Turn Sampler: Adaptively Setting Path Lengths in Hamiltonian Monte Carlo},
	Year = {2014}}

@article{AD,
	Author = {Carpenter, Bob and Hoffman, Matthew D. and Brubaker, Marcus A. and Lee, Daniel and Li, Peter and Betancourt, Michael J.},
	Date-Added = {2016-10-07 16:59:42 +0000},
	Date-Modified = {2016-10-07 17:06:12 +0000},
	Journal = {arXiv 1509.07164.},
	Title = {The Stan Math Library: Reverse-Mode Automatic Differentiation in C++},
	Year = {2015}}

@incollection{odepack,
	Address = {Amsterdam},
	Author = {Hindmarsh, A. C.},
	Booktitle = {Scientific Computing},
	Date-Added = {2009-09-24 22:47:36 -0400},
	Date-Modified = {2009-09-24 22:50:12 -0400},
	Editor = {Stepleman, R. S.},
	Publisher = {North-Holland},
	Title = {ODEPACK, A Systematized Collection of ODE Solvers},
	Year = {1983}}

@book{berger1993,
	Author = {Berger, J.O.},
	Date-Added = {2009-09-23 11:07:01 -0400},
	Date-Modified = {2009-09-23 11:10:52 -0400},
	Edition = {Second},
	Publisher = {Springer},
	Title = {Statistical Decision Theory and Bayesian Analysis},
	Year = {1993}}

@book{carlin2008,
	Author = {Carlin, B. P. and Louis, T. A.},
	Date-Added = {2009-09-23 11:01:58 -0400},
	Date-Modified = {2009-09-23 11:05:46 -0400},
	Edition = {Third},
	Publisher = {Chapman \& Hall/CRC},
	Title = {Bayesian Methods for Data Analysis},
	Year = {2008}}

@incollection{godfrey2007,
	Address = {Hoboken},
	Author = {Godfrey, C. J.},
	Booktitle = {Pharmacometrics: the science of quantitative pharmacology},
	Date-Added = {2009-08-27 17:40:20 -0400},
	Date-Modified = {2009-08-27 17:42:37 -0400},
	Editor = {Ette, E. I. and Williams, P. J.},
	Pages = {699-721},
	Publisher = {Wiley},
	Title = {Mixed effects modeling analysis of count data},
	Year = {2007}}

@article{bachman1998,
	Author = {Bachman, W. J. and Gillespie, W. R.},
	Date-Added = {2009-08-27 16:38:49 -0400},
	Date-Modified = {2009-08-27 16:50:27 -0400},
	Journal = {Clinical Pharmacology and Therapeutics},
	Number = {2},
	Pages = {199},
	Title = {"Truncated sigmoid Emax models": A reparameteriation of the sigmoid Emax model for use with truncated PK/PD data},
	Volume = {63},
	Year = {1998}}
