%% This BibTeX bibliography file was created using BibDesk.
%% http://bibdesk.sourceforge.net/


%% Created for billg at 2021-06-08 13:58:50 -0400 


%% Saved with string encoding Unicode (UTF-8) 



@book{mcelreath2020statistical,
	Author = {McElreath, Richard},
	Date-Added = {2021-05-26 14:34:14 -0400},
	Date-Modified = {2021-05-26 14:34:39 -0400},
	Edition = {Second},
	Publisher = {CRC Press},
	Title = {Statistical Rethinking: A Bayesian Course with Examples in R and STAN},
	Year = {2020}}

@article{Baydin:2018,
	Author = {Atilim Gunes Baydin and Barak A. Pearlmutter and Alexey Andreyevich Radul and Siskind, Jeffrey Mark},
	Journal = {Journal of Machine Learning Research},
	Pages = {1 -- 43},
	Title = {Automatic differentiation in machine learning: a survey},
	Volume = {18},
	Year = {2018}}

@article{Betancourt:2013,
	Author = {Betancourt, Michael and Girolami, Mark},
	Doi = {10.1201/b18502-5},
	Journal = {arXiv:1312.0906v1},
	Title = {{Hamiltonian Monte Carlo} for Hierarchical Models},
	Year = {2013},
	Bdsk-Url-1 = {https://doi.org/10.1201/b18502-5}}

@article{Betancourt:2018,
	Author = {Betancourt, Michael},
	Journal = {arXiv:1701.02434v1},
	Title = {A Conceptual Introduction to {Hamiltonian Monte Carlo}},
	Year = {2018}}

@misc{Betancourt:2020,
	Author = {Michael Betancourt},
	Howpublished = {\url{https://betanalpha.github.io/assets/case_studies/principled_bayesian_workflow.html}},
	Title = {Towards A Principled Bayesian Workflow}}

@misc{Bukner:2020,
	Author = {B\"urkner, Paul-Christian and Gabry, Jonah and Kay, M. and Vehtari Aki},
	Title = {Posterior: Tools for Working with Posterior Distributions},
	Url = {https://mc-stan.org/posterior},
	Bdsk-Url-1 = {https://mc-stan.org/posterior}}

@article{Carpenter:2015,
	Author = {Carpenter, Bob and Hoffman, Matthew D. and Brubaker, Marcus A. and Lee, Daniel and Li, Peter and Betancourt, Michael J.},
	Journal = {arXiv 1509.07164.},
	Title = {The {S}tan Math Library: Reverse-Mode Automatic Differentiation in {C}++},
	Year = {2015}}

@article{Carpenter:2017,
	Author = {Carpenter, Bob and Gelman, Andrew and Hoffman, Matt and Lee, Daniel and Goodrich, Ben and Betancourt, Michael and Brubaker, Marcus A. and Guo, Jiqiang and Li, Peter and Riddel, Allen},
	Doi = {10.18637/jss.v076.i01},
	Journal = {Journal of Statistical Software},
	Title = {Stan: A Probabilistic Programming Language},
	Year = {2017},
	Bdsk-Url-1 = {https://doi.org/10.18637/jss.v076.i01}}

@article{Gabry:2019,
	Author = {Gabry, Jonah and Simpson, Daniel and Vehtari, Aki and Betancourt, Michael and Gelman, Andrew},
	Journal = {Journal of the Royal Statistical Society: Series A (Statistics in Society)},
	Number = {2},
	Pages = {389--402},
	Publisher = {Wiley Online Library},
	Title = {Visualization in Bayesian workflow},
	Volume = {182},
	Year = {2019}}

@misc{Gabry:2020,
	Author = {Gabry, Jonah and Vehtari, Aki and Magnusson, Mans and Yao, Yuling and B\"urkner, Paul-Christian and Paananen, Topi and Gelman, Andrew and Goodrich, Ben and Piironen, Juho and Nocenboim, Bruno},
	Title = {Efficient Leave-One-Out Cross-Validation and WAIC for Bayesian Models},
	Url = {https://cran.r-project.org/web/packages/loo/index.html},
	Year = {2020},
	Bdsk-Url-1 = {https://cran.r-project.org/web/packages/loo/index.html}}

@misc{Gabry:2021,
	Author = {Jonah Gabry and Tristan Mahr},
	Note = {R package version 1.8.0},
	Title = {bayesplot: Plotting for Bayesian Models},
	Url = {https://mc-stan.org/bayesplot/},
	Year = {2021},
	Bdsk-Url-1 = {https://mc-stan.org/bayesplot/}}

@book{Gelman:2013,
	Author = {Gelman, Andrew and Carlin, John B and Stern, Hal S and Dunson, David B and Vehtari, Aki and Rubin, Donald B},
	Doi = {https://doi.org/10.1201/b16018},
	Publisher = {Chapman and Hall/CRC},
	Title = {Bayesian Data Analysis},
	Year = {2013},
	Bdsk-Url-1 = {https://doi.org/10.1201/b16018}}

@article{Gelman:2013b,
	Author = {Gelman, Andrew and Shalizi, Cosma Rohilla},
	Journal = {British Journal of Mathematical and Statistical Psychology},
	Title = {Philosophy and the practice of Bayesian analysis},
	Volume = {66},
	Year = {2013}}

@article{Gelman:2020,
	Author = {Gelman, Andrew and Vehtari, Aki and Simpson, Daniel and Margossian, Charles C and Carpenter, Bob and Yao, Yuling and Kennedy, Lauren and Gabry, Jonah and B{\"u}rkner, Paul-Christian and Modr{\'a}k, Martin},
	Journal = {arXiv preprint arXiv:2011.01808},
	Title = {Bayesian workflow},
	Year = {2020}}

@book{Griewank:2008,
	Author = {Griewank, Andreas and Walther, Andrea},
	Edition = {Second},
	Publisher = {Society for Industrial and Applied Mathematics (SIAM), Philadelphia, PA},
	Title = {Evaluating derivatives},
	Year = {2008}}

@article{Grinsztajn:2021,
	Author = {Grinsztajn, L\'eo and Semenova, Elizaveta and Margossian, Charles C and Riou, Julien},
	Journal = {arXiv:2006.02985},
	Month = {February},
	Title = {Bayesian workflow for disease transmission modeling in Stan},
	Year = {2021}}

@article{Hoffman:2014,
	Author = {Hoffman, Matthew D. and Gelman, Andrew},
	Issue = {1},
	Journal = {Journal of Machine Learning Research},
	Month = {April},
	Pages = {1593-1623},
	Title = {The {No-U-Turn Sampler}: Adaptively Setting Path Lengths in {Hamiltonian Monte Carlo}},
	Volume = {15},
	Year = {2014}}

@article{Kucukelbir:2017,
	Author = {Kucukelbir, Alp and Tran, Dustin and Ranganath, Rajesh and Gelman, Andrew and Blei, David},
	Issue = {14},
	Journal = {Journal of machine learning research},
	Pages = {1 -- 45},
	Title = {Automatic differentiation variational inference},
	Volume = {18},
	Year = {2017}}

@article{Margossian:2019,
	Author = {Charles C. Margossian},
	Doi = {10.1002/WIDM.1305},
	Issue = {4},
	Journal = {Wiley interdisciplinary reviews: data mining and knowledge discovery},
	Month = {3},
	Title = {A Review of automatic differentiation and its efficient implementation},
	Volume = {9},
	Year = {2019},
	Bdsk-Url-1 = {https://doi.org/10.1002/WIDM.1305}}

@conference{Margossian:2017,
	Author = {Margossian, Charles C and Gillespie, William R},
	Booktitle = {StanCon 2017},
	Doi = {10.5281/zenodo.1284264},
	Journal = {Journal of Pharmacokinetics and Pharmacodynamics},
	Month = {January},
	Title = {Differential Equation Based Models in Stan},
	Year = {2017},
	Bdsk-Url-1 = {https://doi.org/10.5281/zenodo.1284264}}

@article{Margossian:2017b,
	Author = {Margossian, Charles C and Gillespie, William R},
	Booktitle = {American},
	Journal = {Journal of Pharmacokinetics and Pharmacodynamics},
	Month = {October},
	Title = {Gaining Efficiency by Combining Analytical and Numerical Methods to Solve ODEs: Implementation in Stan and Application to Bayesian PK/PD},
	Volume = {44},
	Year = {2017}}

@article{Margossian:2020,
	Author = {Margossian, Charles C and Vehtari, Aki and Simpson, Daniel and Agrawal, Raj},
	Journal = {Advances in Neural Information Processing Systems (NeurIPS)},
	Month = {October},
	Title = {Hamiltonian Monte Carlo using an adjoint-differentiated Laplace approximation: Bayesian inference for latent Gaussian models and beyond},
	Url = {https://arxiv.org/abs/2004.12550},
	Volume = {33},
	Year = {2020},
	Bdsk-Url-1 = {https://arxiv.org/abs/2004.12550}}

@incollection{Neal:2012,
	Author = {Neal, Radford M.},
	Booktitle = {Handbook of Markov Chain Monte Carlo},
	Publisher = {Chapman \& Hall / CRC Press},
	Title = {{MCMC} using {H}amiltonian Dynamics},
	Year = {2012}}

@book{Stan:2021,
	Author = {{Stan development team}},
	Title = {Stan reference manual},
	Url = {https://mc-stan.org/docs/2_26/reference-manual/index.html},
	Year = {2021},
	Bdsk-Url-1 = {https://mc-stan.org/docs/2_26/reference-manual/index.html}}

@book{Stan_users_guide:2021,
	Author = {{Stan development team}},
	Title = {Stan user's guide},
	Url = {https://mc-stan.org/docs/2_26/stan-users-guide/index.html},
	Year = {2021},
	Bdsk-Url-1 = {https://mc-stan.org/docs/2_26/stan-users-guide/index.html}}

@book{Torsten:2021,
	Author = {Zhang, Yi and Gillespie, Bill and Margossian, Charles},
	Title = {Torsten user guide},
	Url = {https://metrumresearchgroup.github.io/Torsten/},
	Year = {2021},
	Bdsk-Url-1 = {https://metrumresearchgroup.github.io/Torsten/}}

@article{Vehtari:2020,
	Author = {Vehtari, Aki and Gelman, Andrew and Simpson, Daniel and Carpenter, Bob and Buerkner, Paul-Christian},
	Doi = {doi:10.1214/20-BA1221},
	Journal = {Bayesian Analysis},
	Title = {Rank-normalization, folding, and localization: An improved $\hat R$ for assessing convergence of {MCMC}},
	Year = {2020},
	Bdsk-Url-1 = {https://doi.org/10.1214/20-BA1221}}

@article{Vehtari:2016,
	Author = {Aki Vehtari and Tommi Mononen and Ville Tolvanen and Tuomas Sivula and Ole Winther},
	Journal = {Journal of Machine Learning Research},
	Number = {103},
	Pages = {1--38},
	Title = {Bayesian Leave-One-Out Cross-Validation Approximations for {Gaussian} Latent Variable Models},
	Url = {http://jmlr.org/papers/v17/14-540.html},
	Volume = {17},
	Year = {2016},
	Bdsk-Url-1 = {http://jmlr.org/papers/v17/14-540.html}}

@article{Weber:2018,
	Author = {Weber, Sebastian and Gelman, Andrew and Lee, Daniel and Betancourt, Michael and Vehtari, Aki and Racine-Poon, Amy},
	Journal = {Annals of applied statistics},
	Title = {Bayesian aggregation of average data: An application in drug development},
	Volume = {12},
	Year = {2018}}

@article{Zhang:2020,
	Author = {Zhang, Yi and Gillespie, William R and Bales, Ben and Vehtari, Aki},
	Journal = {Journal of Pharmacokinetics and Pharmacodynamics},
	Title = {Speed up population Bayesian inference by combining cross-chain warmup and within-chain parallelization},
	Volume = {47},
	Year = {2020}}
